@Article{Raman,
 author = {C. V. Raman AND N. S. Nagendra Nath},
 title = {The Diffraction Of Light By High Frequency Sound Waves},
 institution = {Department of Physics, Indian Institute of Science, Bangalore},
 year = {1935},
 journal = {Proceedings of the Indian National Science Academy},
 volume = {2},
 pages = {406-412},
}

@Article{Karolus,
 author = {Karolus, A. and Fries, D.},
 title = {{Eine neue Anordnung zur Bestimmung der Lichtgeschwindigkeit}},
 journal = {Annalen der Physik},
 year = {1959},
 volume = {459},
 pages = {269-282},
}
